@article{wordnet1,
	title={WordNet: a lexical database for English},
	author={Miller, George A},
	journal={Communications of the ACM},
	volume={38},
	number={11},
	pages={39--41},
	year={1995},
	publisher={ACM}
}

@book{wordnet2,
	title={WordNet},
	author={Fellbaum, Christiane},
	year={1998},
	publisher={Wiley Online Library}
}

@techreport{manurung2000towards,
	title={Towards a computational model of poetry generation},
	author={Manurung, Hisar and Ritchie, Graeme and Thompson, Henry},
	year={2000},
	institution={The University of Edinburgh}
}
@inproceedings{colton2012full,
	title={Full face poetry generation},
	author={Colton, Simon and Goodwin, Jacob and Veale, Tony},
	booktitle={Proceedings of the Third International Conference on Computational Creativity},
	pages={95--102},
	year={2012}
}
@article{manurung2004evolutionary,
	title={An evolutionary algorithm approach to poetry generation},
	author={Manurung, Hisar},
	year={2004},
	publisher={University of Edinburgh. College of Science and Engineering. School of Informatics.}
}

@article{manurung2012using,
	title={Using genetic algorithms to create meaningful poetic text},
	author={Manurung, Ruli and Ritchie, Graeme and Thompson, Henry},
	journal={Journal of Experimental \& Theoretical Artificial Intelligence},
	volume={24},
	number={1},
	pages={43--64},
	year={2012},
	publisher={Taylor \& Francis}
}

@inproceedings{colton2012computational,
  title={Computational creativity: the final frontier?},
  author={Colton, Simon and Wiggins, Geraint A and others},
  booktitle={ECAI},
  pages={21--26},
  year={2012}
}
@article{binsted1996machine,
	title={Machine humour: An implemented model of puns},
	author={Binsted, Kim},
	year={1996},
	publisher={The University of Edinburgh: College of Science and Engineering: The School of Informatics}
}

@inproceedings{bartlett2009syllabification,
	title={On the syllabification of phonemes},
	author={Bartlett, Susan and Kondrak, Grzegorz and Cherry, Colin},
	booktitle={Proceedings of Human Language Technologies: The 2009 Annual Conference of the North American Chapter of the Association for Computational Linguistics},
	pages={308--316},
	year={2009},
	organization={Association for Computational Linguistics}
}
@article{wordsworth1990preface,
	title={Preface to Lyrical Ballads (1802)},
	author={Wordsworth, William},
	journal={Romantic Prose and Poetry},
	year={1990}
}

@inproceedings{toutanova2003feature,
	title={Feature-rich part-of-speech tagging with a cyclic dependency network},
	author={Toutanova, Kristina and Klein, Dan and Manning, Christopher D and Singer, Yoram},
	booktitle={Proceedings of the 2003 Conference of the North American Chapter of the Association for Computational Linguistics on Human Language Technology-Volume 1},
	pages={173--180},
	year={2003},
	organization={Association for Computational Linguistics}
}
@article{marcus1993building,
	title={Building a large annotated corpus of English: The Penn Treebank},
	author={Marcus, Mitchell P and Marcinkiewicz, Mary Ann and Santorini, Beatrice},
	journal={Computational linguistics},
	volume={19},
	number={2},
	pages={313--330},
	year={1993},
	publisher={MIT Press}
}

@online{Haiku_JP,
	title = {Haiku in English},
	url = {https://www.ryukoku.ac.jp/haiku/haiku\_en.html},
	urldate = {2015-03-26}
}

@online{Haiku_poem,
	author = {Kei Grieg Toyomasu},
	title = {Haiku for People},
	url = {http://www.toyomasu.com/haiku/},
	urldate = {2015-03-26}
}

@online{wordnet3,
	author = {Princeton University},
	title = {About WordNet},
	url = {http://wordnet.princeton.edu},
	year = {2010},
	urldate = {2015-03-31}
}



@online{Haiku_poet,
	author = {Michael Dylan Welch},
	title = {Becoming a Haiku Poet},
	url = {http://www.haikuworld.org/begin/mdwelch.apr2003.html},
	urldate = {2015-03-27}
}

@online{Haiku_kireji,
	author = {Ashley Capes},
	title = {An Introduction to Haiku - Form and Structure: Kireji and Kigo},
	url = {http://ashleycapes.com/2013/08/26/an-introduction-to-haiku-form-structure-kireji-kigo/},
	urldate = {2015-03-27}
}

@online{CMUDict,
	author = {Carnegie Mellon University},
	title = {The CMU Pronouncing Dictionary},
	url = {http://www.speech.cs.cmu.edu/cgi-bin/cmudict},
	urldate = {2015-03-28}
}
http://www.speech.cs.cmu.edu/cgi-bin/cmudict

